%YAML 1.1
%TAG !u! tag:unity3d.com,2011:
--- !u!1 &1399239604708554835
GameObject:
  m_ObjectHideFlags: 0
  m_CorrespondingSourceObject: {fileID: 0}
  m_PrefabInstance: {fileID: 0}
  m_PrefabAsset: {fileID: 0}
  serializedVersion: 6
  m_Component:
  - component: {fileID: 5179225957247092840}
  - component: {fileID: 171112612360248243}
  m_Layer: 5
  m_Name: Container
  m_TagString: Untagged
  m_Icon: {fileID: 0}
  m_NavMeshLayer: 0
  m_StaticEditorFlags: 0
  m_IsActive: 1
--- !u!224 &5179225957247092840
RectTransform:
  m_ObjectHideFlags: 0
  m_CorrespondingSourceObject: {fileID: 0}
  m_PrefabInstance: {fileID: 0}
  m_PrefabAsset: {fileID: 0}
  m_GameObject: {fileID: 1399239604708554835}
  m_LocalRotation: {x: 0, y: 0, z: 0, w: 1}
  m_LocalPosition: {x: 0, y: 0, z: 0}
  m_LocalScale: {x: 1, y: 1, z: 1}
  m_ConstrainProportionsScale: 0
  m_Children:
  - {fileID: 7242132311901407266}
  m_Father: {fileID: 5895339052565163074}
  m_LocalEulerAnglesHint: {x: 0, y: 0, z: 0}
  m_AnchorMin: {x: 0, y: 0}
  m_AnchorMax: {x: 1, y: 1}
  m_AnchoredPosition: {x: 0, y: 0}
  m_SizeDelta: {x: 0, y: 0}
  m_Pivot: {x: 0.5, y: 0.5}
--- !u!114 &171112612360248243
MonoBehaviour:
  m_ObjectHideFlags: 0
  m_CorrespondingSourceObject: {fileID: 0}
  m_PrefabInstance: {fileID: 0}
  m_PrefabAsset: {fileID: 0}
  m_GameObject: {fileID: 1399239604708554835}
  m_Enabled: 1
  m_EditorHideFlags: 0
  m_Script: {fileID: 11500000, guid: 30649d3a9faa99c48a7b1166b86bf2a0, type: 3}
  m_Name: 
  m_EditorClassIdentifier: 
  m_Padding:
    m_Left: 0
    m_Right: 0
    m_Top: 0
    m_Bottom: 0
  m_ChildAlignment: 4
  m_Spacing: 0
  m_ChildForceExpandWidth: 0
  m_ChildForceExpandHeight: 0
  m_ChildControlWidth: 1
  m_ChildControlHeight: 1
  m_ChildScaleWidth: 0
  m_ChildScaleHeight: 0
  m_ReverseArrangement: 0
--- !u!1 &2382818438720942281
GameObject:
  m_ObjectHideFlags: 0
  m_CorrespondingSourceObject: {fileID: 0}
  m_PrefabInstance: {fileID: 0}
  m_PrefabAsset: {fileID: 0}
  serializedVersion: 6
  m_Component:
  - component: {fileID: 1428854758354833116}
  m_Layer: 5
  m_Name: Content
  m_TagString: Untagged
  m_Icon: {fileID: 0}
  m_NavMeshLayer: 0
  m_StaticEditorFlags: 0
  m_IsActive: 1
--- !u!224 &1428854758354833116
RectTransform:
  m_ObjectHideFlags: 0
  m_CorrespondingSourceObject: {fileID: 0}
  m_PrefabInstance: {fileID: 0}
  m_PrefabAsset: {fileID: 0}
  m_GameObject: {fileID: 2382818438720942281}
  m_LocalRotation: {x: 0, y: 0, z: 0, w: 1}
  m_LocalPosition: {x: 0, y: 0, z: 0}
  m_LocalScale: {x: 1, y: 1, z: 1}
  m_ConstrainProportionsScale: 0
  m_Children:
  - {fileID: 6638275141211963577}
  m_Father: {fileID: 7242132311901407266}
  m_LocalEulerAnglesHint: {x: 0, y: 0, z: 0}
  m_AnchorMin: {x: 0, y: 0}
  m_AnchorMax: {x: 1, y: 1}
  m_AnchoredPosition: {x: 0, y: 0}
  m_SizeDelta: {x: 0, y: 0}
  m_Pivot: {x: 0.5, y: 0.5}
--- !u!1 &3044359646987837075
GameObject:
  m_ObjectHideFlags: 0
  m_CorrespondingSourceObject: {fileID: 0}
  m_PrefabInstance: {fileID: 0}
  m_PrefabAsset: {fileID: 0}
  serializedVersion: 6
  m_Component:
  - component: {fileID: 8297199522994377449}
  m_Layer: 5
  m_Name: Backdrop
  m_TagString: Untagged
  m_Icon: {fileID: 0}
  m_NavMeshLayer: 0
  m_StaticEditorFlags: 0
  m_IsActive: 1
--- !u!224 &8297199522994377449
RectTransform:
  m_ObjectHideFlags: 0
  m_CorrespondingSourceObject: {fileID: 0}
  m_PrefabInstance: {fileID: 0}
  m_PrefabAsset: {fileID: 0}
  m_GameObject: {fileID: 3044359646987837075}
  m_LocalRotation: {x: 0, y: 0, z: 0, w: 1}
  m_LocalPosition: {x: 0, y: 0, z: 0}
  m_LocalScale: {x: 1, y: 1, z: 1}
  m_ConstrainProportionsScale: 0
  m_Children:
  - {fileID: 6431609744533010510}
  m_Father: {fileID: 7242132311901407266}
  m_LocalEulerAnglesHint: {x: 0, y: 0, z: 0}
  m_AnchorMin: {x: 0, y: 0}
  m_AnchorMax: {x: 1, y: 1}
  m_AnchoredPosition: {x: 0, y: 0}
  m_SizeDelta: {x: 0, y: 0}
  m_Pivot: {x: 0.5, y: 0.5}
--- !u!1 &4660914832909022749
GameObject:
  m_ObjectHideFlags: 0
  m_CorrespondingSourceObject: {fileID: 0}
  m_PrefabInstance: {fileID: 0}
  m_PrefabAsset: {fileID: 0}
  serializedVersion: 6
  m_Component:
  - component: {fileID: 7242132311901407266}
  - component: {fileID: 3596987850033705140}
  m_Layer: 5
  m_Name: Popup
  m_TagString: Untagged
  m_Icon: {fileID: 0}
  m_NavMeshLayer: 0
  m_StaticEditorFlags: 0
  m_IsActive: 1
--- !u!224 &7242132311901407266
RectTransform:
  m_ObjectHideFlags: 0
  m_CorrespondingSourceObject: {fileID: 0}
  m_PrefabInstance: {fileID: 0}
  m_PrefabAsset: {fileID: 0}
  m_GameObject: {fileID: 4660914832909022749}
  m_LocalRotation: {x: 0, y: 0, z: 0, w: 1}
  m_LocalPosition: {x: 0, y: 0, z: 0}
  m_LocalScale: {x: 1, y: 1, z: 1}
  m_ConstrainProportionsScale: 0
  m_Children:
  - {fileID: 8297199522994377449}
  - {fileID: 1428854758354833116}
  m_Father: {fileID: 5179225957247092840}
  m_LocalEulerAnglesHint: {x: 0, y: 0, z: 0}
  m_AnchorMin: {x: 0, y: 0}
  m_AnchorMax: {x: 0, y: 0}
  m_AnchoredPosition: {x: 0, y: 0}
  m_SizeDelta: {x: 0, y: 0}
  m_Pivot: {x: 0.5, y: 0.5}
--- !u!114 &3596987850033705140
MonoBehaviour:
  m_ObjectHideFlags: 0
  m_CorrespondingSourceObject: {fileID: 0}
  m_PrefabInstance: {fileID: 0}
  m_PrefabAsset: {fileID: 0}
  m_GameObject: {fileID: 4660914832909022749}
  m_Enabled: 1
  m_EditorHideFlags: 0
  m_Script: {fileID: 11500000, guid: 306cc8c2b49d7114eaa3623786fc2126, type: 3}
  m_Name: 
  m_EditorClassIdentifier: 
  m_IgnoreLayout: 0
  m_MinWidth: -1
  m_MinHeight: -1
  m_PreferredWidth: 500
  m_PreferredHeight: 500
  m_FlexibleWidth: -1
  m_FlexibleHeight: -1
  m_LayoutPriority: 1
--- !u!1 &6495373898684016377
GameObject:
  m_ObjectHideFlags: 0
  m_CorrespondingSourceObject: {fileID: 0}
  m_PrefabInstance: {fileID: 0}
  m_PrefabAsset: {fileID: 0}
  serializedVersion: 6
  m_Component:
  - component: {fileID: 6638275141211963577}
  - component: {fileID: 1927617225103468648}
  - component: {fileID: 2209926783959506135}
  m_Layer: 5
  m_Name: Text (TMP)
  m_TagString: Untagged
  m_Icon: {fileID: 0}
  m_NavMeshLayer: 0
  m_StaticEditorFlags: 0
  m_IsActive: 1
--- !u!224 &6638275141211963577
RectTransform:
  m_ObjectHideFlags: 0
  m_CorrespondingSourceObject: {fileID: 0}
  m_PrefabInstance: {fileID: 0}
  m_PrefabAsset: {fileID: 0}
  m_GameObject: {fileID: 6495373898684016377}
  m_LocalRotation: {x: 0, y: 0, z: 0, w: 1}
  m_LocalPosition: {x: 0, y: 0, z: 0}
  m_LocalScale: {x: 1, y: 1, z: 1}
  m_ConstrainProportionsScale: 0
  m_Children: []
  m_Father: {fileID: 1428854758354833116}
  m_LocalEulerAnglesHint: {x: 0, y: 0, z: 0}
  m_AnchorMin: {x: 0, y: 0}
  m_AnchorMax: {x: 1, y: 1}
  m_AnchoredPosition: {x: 0, y: 0}
  m_SizeDelta: {x: 0, y: 0}
  m_Pivot: {x: 0.5, y: 0.5}
--- !u!222 &1927617225103468648
CanvasRenderer:
  m_ObjectHideFlags: 0
  m_CorrespondingSourceObject: {fileID: 0}
  m_PrefabInstance: {fileID: 0}
  m_PrefabAsset: {fileID: 0}
  m_GameObject: {fileID: 6495373898684016377}
  m_CullTransparentMesh: 1
--- !u!114 &2209926783959506135
MonoBehaviour:
  m_ObjectHideFlags: 0
  m_CorrespondingSourceObject: {fileID: 0}
  m_PrefabInstance: {fileID: 0}
  m_PrefabAsset: {fileID: 0}
  m_GameObject: {fileID: 6495373898684016377}
  m_Enabled: 1
  m_EditorHideFlags: 0
  m_Script: {fileID: 11500000, guid: f4688fdb7df04437aeb418b961361dc5, type: 3}
  m_Name: 
  m_EditorClassIdentifier: 
  m_Material: {fileID: 0}
  m_Color: {r: 1, g: 1, b: 1, a: 1}
  m_RaycastTarget: 1
  m_RaycastPadding: {x: 0, y: 0, z: 0, w: 0}
  m_Maskable: 1
  m_OnCullStateChanged:
    m_PersistentCalls:
      m_Calls: []
  m_text: 'Popup

    Activity'
  m_isRightToLeft: 0
  m_fontAsset: {fileID: 11400000, guid: 8f586378b4e144a9851e7b34d9b748ee, type: 2}
  m_sharedMaterial: {fileID: 2180264, guid: 8f586378b4e144a9851e7b34d9b748ee, type: 2}
  m_fontSharedMaterials: []
  m_fontMaterial: {fileID: 0}
  m_fontMaterials: []
  m_fontColor32:
    serializedVersion: 2
    rgba: 4278190080
  m_fontColor: {r: 0, g: 0, b: 0, a: 1}
  m_enableVertexGradient: 0
  m_colorMode: 3
  m_fontColorGradient:
    topLeft: {r: 1, g: 1, b: 1, a: 1}
    topRight: {r: 1, g: 1, b: 1, a: 1}
    bottomLeft: {r: 1, g: 1, b: 1, a: 1}
    bottomRight: {r: 1, g: 1, b: 1, a: 1}
  m_fontColorGradientPreset: {fileID: 0}
  m_spriteAsset: {fileID: 0}
  m_tintAllSprites: 0
  m_StyleSheet: {fileID: 0}
  m_TextStyleHashCode: -1183493901
  m_overrideHtmlColors: 0
  m_faceColor:
    serializedVersion: 2
    rgba: 4294967295
  m_fontSize: 64
  m_fontSizeBase: 64
  m_fontWeight: 400
  m_enableAutoSizing: 0
  m_fontSizeMin: 18
  m_fontSizeMax: 72
  m_fontStyle: 0
  m_HorizontalAlignment: 2
  m_VerticalAlignment: 512
  m_textAlignment: 65535
  m_characterSpacing: 0
  m_wordSpacing: 0
  m_lineSpacing: 0
  m_lineSpacingMax: 0
  m_paragraphSpacing: 0
  m_charWidthMaxAdj: 0
  m_enableWordWrapping: 1
  m_wordWrappingRatios: 0.4
  m_overflowMode: 0
  m_linkedTextComponent: {fileID: 0}
  parentLinkedComponent: {fileID: 0}
  m_enableKerning: 1
  m_enableExtraPadding: 0
  checkPaddingRequired: 0
  m_isRichText: 1
  m_parseCtrlCharacters: 1
  m_isOrthographic: 1
  m_isCullingEnabled: 0
  m_horizontalMapping: 0
  m_verticalMapping: 0
  m_uvLineOffset: 0
  m_geometrySortingOrder: 0
  m_IsTextObjectScaleStatic: 0
  m_VertexBufferAutoSizeReduction: 0
  m_useMaxVisibleDescender: 1
  m_pageToDisplay: 1
  m_margin: {x: 0, y: 0, z: 0, w: 0}
  m_isUsingLegacyAnimationComponent: 0
  m_isVolumetricText: 0
  m_hasFontAssetChanged: 0
  m_baseMaterial: {fileID: 0}
  m_maskOffset: {x: 0, y: 0, z: 0, w: 0}
--- !u!1 &8120564391792255575
GameObject:
  m_ObjectHideFlags: 0
  m_CorrespondingSourceObject: {fileID: 0}
  m_PrefabInstance: {fileID: 0}
  m_PrefabAsset: {fileID: 0}
  serializedVersion: 6
  m_Component:
  - component: {fileID: 6431609744533010510}
  - component: {fileID: 7841914587806523411}
  - component: {fileID: 2444084606322145467}
  m_Layer: 5
  m_Name: Image
  m_TagString: Untagged
  m_Icon: {fileID: 0}
  m_NavMeshLayer: 0
  m_StaticEditorFlags: 0
  m_IsActive: 1
--- !u!224 &6431609744533010510
RectTransform:
  m_ObjectHideFlags: 0
  m_CorrespondingSourceObject: {fileID: 0}
  m_PrefabInstance: {fileID: 0}
  m_PrefabAsset: {fileID: 0}
  m_GameObject: {fileID: 8120564391792255575}
  m_LocalRotation: {x: 0, y: 0, z: 0, w: 1}
  m_LocalPosition: {x: 0, y: 0, z: 0}
  m_LocalScale: {x: 1, y: 1, z: 1}
  m_ConstrainProportionsScale: 0
  m_Children: []
  m_Father: {fileID: 8297199522994377449}
  m_LocalEulerAnglesHint: {x: 0, y: 0, z: 0}
  m_AnchorMin: {x: 0, y: 0}
  m_AnchorMax: {x: 1, y: 1}
  m_AnchoredPosition: {x: 0, y: 0}
  m_SizeDelta: {x: 0, y: 0}
  m_Pivot: {x: 0.5, y: 0.5}
--- !u!222 &7841914587806523411
CanvasRenderer:
  m_ObjectHideFlags: 0
  m_CorrespondingSourceObject: {fileID: 0}
  m_PrefabInstance: {fileID: 0}
  m_PrefabAsset: {fileID: 0}
  m_GameObject: {fileID: 8120564391792255575}
  m_CullTransparentMesh: 1
--- !u!114 &2444084606322145467
MonoBehaviour:
  m_ObjectHideFlags: 0
  m_CorrespondingSourceObject: {fileID: 0}
  m_PrefabInstance: {fileID: 0}
  m_PrefabAsset: {fileID: 0}
  m_GameObject: {fileID: 8120564391792255575}
  m_Enabled: 1
  m_EditorHideFlags: 0
  m_Script: {fileID: 11500000, guid: fe87c0e1cc204ed48ad3b37840f39efc, type: 3}
  m_Name: 
  m_EditorClassIdentifier: 
  m_Material: {fileID: 0}
  m_Color: {r: 1, g: 1, b: 1, a: 1}
  m_RaycastTarget: 1
  m_RaycastPadding: {x: 0, y: 0, z: 0, w: 0}
  m_Maskable: 1
  m_OnCullStateChanged:
    m_PersistentCalls:
      m_Calls: []
  m_Sprite: {fileID: 0}
  m_Type: 0
  m_PreserveAspect: 0
  m_FillCenter: 1
  m_FillMethod: 4
  m_FillAmount: 1
  m_FillClockwise: 1
  m_FillOrigin: 0
  m_UseSpriteMesh: 0
  m_PixelsPerUnitMultiplier: 1
--- !u!1001 &5591390807583758056
PrefabInstance:
  m_ObjectHideFlags: 0
  serializedVersion: 2
  m_Modification:
    serializedVersion: 3
    m_TransformParent: {fileID: 0}
    m_Modifications:
    - target: {fileID: 33689619742058839, guid: 5431cc73d5cf7914da07c370afa55b78, type: 3}
      propertyPath: m_Color.a
      value: 0.5019608
      objectReference: {fileID: 0}
    - target: {fileID: 142999065019353988, guid: 5431cc73d5cf7914da07c370afa55b78, type: 3}
      propertyPath: m_AnchorMax.y
      value: 0
      objectReference: {fileID: 0}
    - target: {fileID: 142999065019353988, guid: 5431cc73d5cf7914da07c370afa55b78, type: 3}
      propertyPath: m_AnchorMin.y
      value: 0
      objectReference: {fileID: 0}
    - target: {fileID: 142999065019353988, guid: 5431cc73d5cf7914da07c370afa55b78, type: 3}
      propertyPath: m_SizeDelta.x
      value: 0
      objectReference: {fileID: 0}
    - target: {fileID: 142999065019353988, guid: 5431cc73d5cf7914da07c370afa55b78, type: 3}
      propertyPath: m_AnchoredPosition.x
      value: 0
      objectReference: {fileID: 0}
    - target: {fileID: 2038142656408222378, guid: 5431cc73d5cf7914da07c370afa55b78, type: 3}
      propertyPath: m_AnchorMax.y
      value: 0
      objectReference: {fileID: 0}
    - target: {fileID: 2038142656408222378, guid: 5431cc73d5cf7914da07c370afa55b78, type: 3}
      propertyPath: m_AnchorMin.y
      value: 0
      objectReference: {fileID: 0}
    - target: {fileID: 2038142656408222378, guid: 5431cc73d5cf7914da07c370afa55b78, type: 3}
      propertyPath: m_SizeDelta.x
      value: 0
      objectReference: {fileID: 0}
    - target: {fileID: 2038142656408222378, guid: 5431cc73d5cf7914da07c370afa55b78, type: 3}
      propertyPath: m_SizeDelta.y
      value: 0
      objectReference: {fileID: 0}
    - target: {fileID: 2038142656408222378, guid: 5431cc73d5cf7914da07c370afa55b78, type: 3}
      propertyPath: m_AnchoredPosition.x
      value: 0
      objectReference: {fileID: 0}
    - target: {fileID: 2038142656408222378, guid: 5431cc73d5cf7914da07c370afa55b78, type: 3}
      propertyPath: m_AnchoredPosition.y
      value: 0
      objectReference: {fileID: 0}
    - target: {fileID: 2038142656820187980, guid: 5431cc73d5cf7914da07c370afa55b78, type: 3}
      propertyPath: m_Name
      value: Activity.Popup
      objectReference: {fileID: 0}
    - target: {fileID: 2038142656820187983, guid: 5431cc73d5cf7914da07c370afa55b78, type: 3}
      propertyPath: m_Pivot.x
      value: 0.5
      objectReference: {fileID: 0}
    - target: {fileID: 2038142656820187983, guid: 5431cc73d5cf7914da07c370afa55b78, type: 3}
      propertyPath: m_Pivot.y
      value: 0.5
      objectReference: {fileID: 0}
    - target: {fileID: 2038142656820187983, guid: 5431cc73d5cf7914da07c370afa55b78, type: 3}
      propertyPath: m_RootOrder
      value: 0
      objectReference: {fileID: 0}
    - target: {fileID: 2038142656820187983, guid: 5431cc73d5cf7914da07c370afa55b78, type: 3}
      propertyPath: m_AnchorMax.x
      value: 1
      objectReference: {fileID: 0}
    - target: {fileID: 2038142656820187983, guid: 5431cc73d5cf7914da07c370afa55b78, type: 3}
      propertyPath: m_AnchorMax.y
      value: 1
      objectReference: {fileID: 0}
    - target: {fileID: 2038142656820187983, guid: 5431cc73d5cf7914da07c370afa55b78, type: 3}
      propertyPath: m_AnchorMin.x
      value: 0
      objectReference: {fileID: 0}
    - target: {fileID: 2038142656820187983, guid: 5431cc73d5cf7914da07c370afa55b78, type: 3}
      propertyPath: m_AnchorMin.y
      value: 0
      objectReference: {fileID: 0}
    - target: {fileID: 2038142656820187983, guid: 5431cc73d5cf7914da07c370afa55b78, type: 3}
      propertyPath: m_SizeDelta.x
      value: 0
      objectReference: {fileID: 0}
    - target: {fileID: 2038142656820187983, guid: 5431cc73d5cf7914da07c370afa55b78, type: 3}
      propertyPath: m_SizeDelta.y
      value: 0
      objectReference: {fileID: 0}
    - target: {fileID: 2038142656820187983, guid: 5431cc73d5cf7914da07c370afa55b78, type: 3}
      propertyPath: m_LocalPosition.x
      value: 0
      objectReference: {fileID: 0}
    - target: {fileID: 2038142656820187983, guid: 5431cc73d5cf7914da07c370afa55b78, type: 3}
      propertyPath: m_LocalPosition.y
      value: 0
      objectReference: {fileID: 0}
    - target: {fileID: 2038142656820187983, guid: 5431cc73d5cf7914da07c370afa55b78, type: 3}
      propertyPath: m_LocalPosition.z
      value: 0
      objectReference: {fileID: 0}
    - target: {fileID: 2038142656820187983, guid: 5431cc73d5cf7914da07c370afa55b78, type: 3}
      propertyPath: m_LocalRotation.w
      value: 1
      objectReference: {fileID: 0}
    - target: {fileID: 2038142656820187983, guid: 5431cc73d5cf7914da07c370afa55b78, type: 3}
      propertyPath: m_LocalRotation.x
      value: 0
      objectReference: {fileID: 0}
    - target: {fileID: 2038142656820187983, guid: 5431cc73d5cf7914da07c370afa55b78, type: 3}
      propertyPath: m_LocalRotation.y
      value: 0
      objectReference: {fileID: 0}
    - target: {fileID: 2038142656820187983, guid: 5431cc73d5cf7914da07c370afa55b78, type: 3}
      propertyPath: m_LocalRotation.z
      value: 0
      objectReference: {fileID: 0}
    - target: {fileID: 2038142656820187983, guid: 5431cc73d5cf7914da07c370afa55b78, type: 3}
      propertyPath: m_AnchoredPosition.x
      value: 0
      objectReference: {fileID: 0}
    - target: {fileID: 2038142656820187983, guid: 5431cc73d5cf7914da07c370afa55b78, type: 3}
      propertyPath: m_AnchoredPosition.y
      value: 0
      objectReference: {fileID: 0}
    - target: {fileID: 2038142656820187983, guid: 5431cc73d5cf7914da07c370afa55b78, type: 3}
      propertyPath: m_LocalEulerAnglesHint.x
      value: 0
      objectReference: {fileID: 0}
    - target: {fileID: 2038142656820187983, guid: 5431cc73d5cf7914da07c370afa55b78, type: 3}
      propertyPath: m_LocalEulerAnglesHint.y
      value: 0
      objectReference: {fileID: 0}
    - target: {fileID: 2038142656820187983, guid: 5431cc73d5cf7914da07c370afa55b78, type: 3}
      propertyPath: m_LocalEulerAnglesHint.z
      value: 0
      objectReference: {fileID: 0}
    - target: {fileID: 2038142657002338923, guid: 5431cc73d5cf7914da07c370afa55b78, type: 3}
      propertyPath: m_AnchorMax.y
      value: 0
      objectReference: {fileID: 0}
    - target: {fileID: 2038142657002338923, guid: 5431cc73d5cf7914da07c370afa55b78, type: 3}
      propertyPath: m_AnchorMin.y
      value: 0
      objectReference: {fileID: 0}
    - target: {fileID: 2038142657002338923, guid: 5431cc73d5cf7914da07c370afa55b78, type: 3}
      propertyPath: m_SizeDelta.x
      value: 0
      objectReference: {fileID: 0}
    - target: {fileID: 2038142657002338923, guid: 5431cc73d5cf7914da07c370afa55b78, type: 3}
      propertyPath: m_SizeDelta.y
      value: 0
      objectReference: {fileID: 0}
    - target: {fileID: 2038142657002338923, guid: 5431cc73d5cf7914da07c370afa55b78, type: 3}
      propertyPath: m_AnchoredPosition.x
      value: 0
      objectReference: {fileID: 0}
    - target: {fileID: 2038142657002338923, guid: 5431cc73d5cf7914da07c370afa55b78, type: 3}
      propertyPath: m_AnchoredPosition.y
      value: 0
      objectReference: {fileID: 0}
    - target: {fileID: 2038142657047535570, guid: 5431cc73d5cf7914da07c370afa55b78, type: 3}
      propertyPath: m_AnchorMax.y
      value: 0
      objectReference: {fileID: 0}
    - target: {fileID: 2038142657047535570, guid: 5431cc73d5cf7914da07c370afa55b78, type: 3}
      propertyPath: m_AnchorMin.y
      value: 0
      objectReference: {fileID: 0}
    - target: {fileID: 2038142657047535570, guid: 5431cc73d5cf7914da07c370afa55b78, type: 3}
      propertyPath: m_SizeDelta.x
      value: 0
      objectReference: {fileID: 0}
    - target: {fileID: 2038142657047535570, guid: 5431cc73d5cf7914da07c370afa55b78, type: 3}
      propertyPath: m_SizeDelta.y
      value: 0
      objectReference: {fileID: 0}
    - target: {fileID: 2038142657047535570, guid: 5431cc73d5cf7914da07c370afa55b78, type: 3}
      propertyPath: m_AnchoredPosition.x
      value: 0
      objectReference: {fileID: 0}
    - target: {fileID: 2038142657047535570, guid: 5431cc73d5cf7914da07c370afa55b78, type: 3}
      propertyPath: m_AnchoredPosition.y
      value: 0
      objectReference: {fileID: 0}
    - target: {fileID: 2038142657053810305, guid: 5431cc73d5cf7914da07c370afa55b78, type: 3}
      propertyPath: m_AnchorMax.y
      value: 1
      objectReference: {fileID: 0}
    - target: {fileID: 2038142657053810305, guid: 5431cc73d5cf7914da07c370afa55b78, type: 3}
      propertyPath: m_AnchorMin.y
      value: 1
      objectReference: {fileID: 0}
    - target: {fileID: 2038142657053810305, guid: 5431cc73d5cf7914da07c370afa55b78, type: 3}
      propertyPath: m_SizeDelta.x
      value: 1356
      objectReference: {fileID: 0}
    - target: {fileID: 2038142657053810305, guid: 5431cc73d5cf7914da07c370afa55b78, type: 3}
      propertyPath: m_SizeDelta.y
      value: 404.85712
      objectReference: {fileID: 0}
    - target: {fileID: 2038142657053810305, guid: 5431cc73d5cf7914da07c370afa55b78, type: 3}
      propertyPath: m_AnchoredPosition.x
      value: 678
      objectReference: {fileID: 0}
    - target: {fileID: 2038142657053810305, guid: 5431cc73d5cf7914da07c370afa55b78, type: 3}
      propertyPath: m_AnchoredPosition.y
      value: -202.42856
      objectReference: {fileID: 0}
    - target: {fileID: 2038142657053810334, guid: 5431cc73d5cf7914da07c370afa55b78, type: 3}
      propertyPath: m_IsActive
      value: 0
      objectReference: {fileID: 0}
    - target: {fileID: 2038142657597451710, guid: 5431cc73d5cf7914da07c370afa55b78, type: 3}
      propertyPath: m_AnchorMax.y
      value: 0
      objectReference: {fileID: 0}
    - target: {fileID: 2038142657597451710, guid: 5431cc73d5cf7914da07c370afa55b78, type: 3}
      propertyPath: m_AnchorMin.y
      value: 0
      objectReference: {fileID: 0}
    - target: {fileID: 2038142657597451710, guid: 5431cc73d5cf7914da07c370afa55b78, type: 3}
      propertyPath: m_SizeDelta.x
      value: 0
      objectReference: {fileID: 0}
    - target: {fileID: 2038142657597451710, guid: 5431cc73d5cf7914da07c370afa55b78, type: 3}
      propertyPath: m_SizeDelta.y
      value: 0
      objectReference: {fileID: 0}
    - target: {fileID: 2038142657597451710, guid: 5431cc73d5cf7914da07c370afa55b78, type: 3}
      propertyPath: m_AnchoredPosition.x
      value: 0
      objectReference: {fileID: 0}
    - target: {fileID: 2038142657597451710, guid: 5431cc73d5cf7914da07c370afa55b78, type: 3}
      propertyPath: m_AnchoredPosition.y
      value: 0
      objectReference: {fileID: 0}
    - target: {fileID: 2038142657603969613, guid: 5431cc73d5cf7914da07c370afa55b78, type: 3}
      propertyPath: m_AnchorMax.y
      value: 0
      objectReference: {fileID: 0}
    - target: {fileID: 2038142657603969613, guid: 5431cc73d5cf7914da07c370afa55b78, type: 3}
      propertyPath: m_AnchorMin.y
      value: 0
      objectReference: {fileID: 0}
    - target: {fileID: 2038142657603969613, guid: 5431cc73d5cf7914da07c370afa55b78, type: 3}
      propertyPath: m_SizeDelta.x
      value: 0
      objectReference: {fileID: 0}
    - target: {fileID: 2038142657603969613, guid: 5431cc73d5cf7914da07c370afa55b78, type: 3}
      propertyPath: m_SizeDelta.y
      value: 0
      objectReference: {fileID: 0}
    - target: {fileID: 2038142657603969613, guid: 5431cc73d5cf7914da07c370afa55b78, type: 3}
      propertyPath: m_AnchoredPosition.x
      value: 0
      objectReference: {fileID: 0}
    - target: {fileID: 2038142657603969613, guid: 5431cc73d5cf7914da07c370afa55b78, type: 3}
      propertyPath: m_AnchoredPosition.y
      value: 0
      objectReference: {fileID: 0}
    - target: {fileID: 2038142657937281630, guid: 5431cc73d5cf7914da07c370afa55b78, type: 3}
      propertyPath: m_AnchorMax.y
      value: 0
      objectReference: {fileID: 0}
    - target: {fileID: 2038142657937281630, guid: 5431cc73d5cf7914da07c370afa55b78, type: 3}
      propertyPath: m_AnchorMin.y
      value: 0
      objectReference: {fileID: 0}
    - target: {fileID: 2038142657937281630, guid: 5431cc73d5cf7914da07c370afa55b78, type: 3}
      propertyPath: m_SizeDelta.x
      value: 0
      objectReference: {fileID: 0}
    - target: {fileID: 2038142657937281630, guid: 5431cc73d5cf7914da07c370afa55b78, type: 3}
      propertyPath: m_SizeDelta.y
      value: 0
      objectReference: {fileID: 0}
    - target: {fileID: 2038142657937281630, guid: 5431cc73d5cf7914da07c370afa55b78, type: 3}
      propertyPath: m_AnchoredPosition.x
      value: 0
      objectReference: {fileID: 0}
    - target: {fileID: 2038142657937281630, guid: 5431cc73d5cf7914da07c370afa55b78, type: 3}
      propertyPath: m_AnchoredPosition.y
      value: 0
      objectReference: {fileID: 0}
    - target: {fileID: 2038142658019973802, guid: 5431cc73d5cf7914da07c370afa55b78, type: 3}
      propertyPath: m_AnchorMax.y
      value: 1
      objectReference: {fileID: 0}
    - target: {fileID: 2038142658019973802, guid: 5431cc73d5cf7914da07c370afa55b78, type: 3}
      propertyPath: m_AnchorMin.y
      value: 1
      objectReference: {fileID: 0}
    - target: {fileID: 2038142658019973802, guid: 5431cc73d5cf7914da07c370afa55b78, type: 3}
      propertyPath: m_SizeDelta.x
      value: 1356
      objectReference: {fileID: 0}
    - target: {fileID: 2038142658019973802, guid: 5431cc73d5cf7914da07c370afa55b78, type: 3}
      propertyPath: m_SizeDelta.y
      value: 404.85712
      objectReference: {fileID: 0}
    - target: {fileID: 2038142658019973802, guid: 5431cc73d5cf7914da07c370afa55b78, type: 3}
      propertyPath: m_AnchoredPosition.x
      value: 678
      objectReference: {fileID: 0}
    - target: {fileID: 2038142658019973802, guid: 5431cc73d5cf7914da07c370afa55b78, type: 3}
      propertyPath: m_AnchoredPosition.y
      value: -2631.571
      objectReference: {fileID: 0}
    - target: {fileID: 2038142658019973803, guid: 5431cc73d5cf7914da07c370afa55b78, type: 3}
      propertyPath: m_IsActive
      value: 0
      objectReference: {fileID: 0}
    - target: {fileID: 2038142658066833607, guid: 5431cc73d5cf7914da07c370afa55b78, type: 3}
      propertyPath: m_AnchorMax.y
      value: 0
      objectReference: {fileID: 0}
    - target: {fileID: 2038142658066833607, guid: 5431cc73d5cf7914da07c370afa55b78, type: 3}
      propertyPath: m_AnchorMin.y
      value: 0
      objectReference: {fileID: 0}
    - target: {fileID: 2038142658066833607, guid: 5431cc73d5cf7914da07c370afa55b78, type: 3}
      propertyPath: m_SizeDelta.x
      value: 0
      objectReference: {fileID: 0}
    - target: {fileID: 2038142658066833607, guid: 5431cc73d5cf7914da07c370afa55b78, type: 3}
      propertyPath: m_SizeDelta.y
      value: 0
      objectReference: {fileID: 0}
    - target: {fileID: 2038142658066833607, guid: 5431cc73d5cf7914da07c370afa55b78, type: 3}
      propertyPath: m_AnchoredPosition.x
      value: 0
      objectReference: {fileID: 0}
    - target: {fileID: 2038142658066833607, guid: 5431cc73d5cf7914da07c370afa55b78, type: 3}
      propertyPath: m_AnchoredPosition.y
      value: 0
      objectReference: {fileID: 0}
    - target: {fileID: 2858456251020484140, guid: 5431cc73d5cf7914da07c370afa55b78, type: 3}
      propertyPath: m_IsActive
      value: 1
      objectReference: {fileID: 0}
    - target: {fileID: 9035177284099196386, guid: 5431cc73d5cf7914da07c370afa55b78, type: 3}
      propertyPath: enableSafeBleeding
      value: 0
      objectReference: {fileID: 0}
    m_RemovedComponents: []
    m_RemovedGameObjects: []
    m_AddedGameObjects:
    - targetCorrespondingSourceObject: {fileID: 2038142656408222378, guid: 5431cc73d5cf7914da07c370afa55b78, type: 3}
      insertIndex: -1
      addedObject: {fileID: 5179225957247092840}
    m_AddedComponents:
    - targetCorrespondingSourceObject: {fileID: 2038142656820187980, guid: 5431cc73d5cf7914da07c370afa55b78, type: 3}
      insertIndex: -1
      addedObject: {fileID: 101570613990627561}
    - targetCorrespondingSourceObject: {fileID: 2038142656820187980, guid: 5431cc73d5cf7914da07c370afa55b78, type: 3}
      insertIndex: -1
      addedObject: {fileID: 644849058609228047}
    - targetCorrespondingSourceObject: {fileID: 2038142656820187980, guid: 5431cc73d5cf7914da07c370afa55b78, type: 3}
      insertIndex: -1
      addedObject: {fileID: 827714359475669445}
    - targetCorrespondingSourceObject: {fileID: 2038142656820187980, guid: 5431cc73d5cf7914da07c370afa55b78, type: 3}
      insertIndex: -1
      addedObject: {fileID: 7418368031805528716}
    - targetCorrespondingSourceObject: {fileID: 2858456251020484140, guid: 5431cc73d5cf7914da07c370afa55b78, type: 3}
      insertIndex: -1
      addedObject: {fileID: 8729136048137345136}
  m_SourcePrefab: {fileID: 100100000, guid: 5431cc73d5cf7914da07c370afa55b78, type: 3}
--- !u!225 &1964136513270536944 stripped
CanvasGroup:
  m_CorrespondingSourceObject: {fileID: 6258490074044255256, guid: 5431cc73d5cf7914da07c370afa55b78, type: 3}
  m_PrefabInstance: {fileID: 5591390807583758056}
  m_PrefabAsset: {fileID: 0}
--- !u!1 &5895339051904173476 stripped
GameObject:
  m_CorrespondingSourceObject: {fileID: 2038142656820187980, guid: 5431cc73d5cf7914da07c370afa55b78, type: 3}
  m_PrefabInstance: {fileID: 5591390807583758056}
  m_PrefabAsset: {fileID: 0}
--- !u!114 &101570613990627561
MonoBehaviour:
  m_ObjectHideFlags: 0
  m_CorrespondingSourceObject: {fileID: 0}
  m_PrefabInstance: {fileID: 0}
  m_PrefabAsset: {fileID: 0}
  m_GameObject: {fileID: 5895339051904173476}
  m_Enabled: 1
  m_EditorHideFlags: 0
  m_Script: {fileID: 11500000, guid: 97a5373bc3a934a4dab598a7f8c281d3, type: 3}
  m_Name: 
  m_EditorClassIdentifier: 
  debugLevel: 6
  debugInheritance: 1
--- !u!114 &644849058609228047
MonoBehaviour:
  m_ObjectHideFlags: 0
  m_CorrespondingSourceObject: {fileID: 0}
  m_PrefabInstance: {fileID: 0}
  m_PrefabAsset: {fileID: 0}
  m_GameObject: {fileID: 5895339051904173476}
  m_Enabled: 1
  m_EditorHideFlags: 0
  m_Script: {fileID: 11500000, guid: dc505ea7b38e5624fa811520810b537a, type: 3}
  m_Name: 
  m_EditorClassIdentifier: 
  moduleEnabled: 1
  debugLevel: 6
  elements:
  - label: Container
    Element: {fileID: 5179225957247092840}
    IsVertical: 1
    Type: 5000
    Offset: 5000
  fadings:
  - {fileID: 1964136513270536944}
  overlay: {fileID: 0}
  time: 0.75
  easing: 16
--- !u!114 &827714359475669445
MonoBehaviour:
  m_ObjectHideFlags: 0
  m_CorrespondingSourceObject: {fileID: 0}
  m_PrefabInstance: {fileID: 0}
  m_PrefabAsset: {fileID: 0}
  m_GameObject: {fileID: 5895339051904173476}
  m_Enabled: 1
  m_EditorHideFlags: 0
  m_Script: {fileID: 11500000, guid: c0ad88c90753d8e48bc1a44fcbef5b01, type: 3}
  m_Name: 
  m_EditorClassIdentifier: 
  debugLevel: 6
  switchEvent: {fileID: 11400000, guid: 773c353c01f86e2448f4b2732bc56485, type: 2}
--- !u!114 &7418368031805528716
MonoBehaviour:
  m_ObjectHideFlags: 0
  m_CorrespondingSourceObject: {fileID: 0}
  m_PrefabInstance: {fileID: 0}
  m_PrefabAsset: {fileID: 0}
  m_GameObject: {fileID: 5895339051904173476}
  m_Enabled: 1
  m_EditorHideFlags: 0
  m_Script: {fileID: 11500000, guid: 67b970ee8bd4a984eb7f376a32e34b36, type: 3}
  m_Name: 
  m_EditorClassIdentifier: 
  moduleEnabled: 1
  debugLevel: 6
  logEvent: {fileID: 11400000, guid: 964546ea95f8d9944a8d00f356a32dbb, type: 2}
--- !u!224 &5895339052565163074 stripped
RectTransform:
  m_CorrespondingSourceObject: {fileID: 2038142656408222378, guid: 5431cc73d5cf7914da07c370afa55b78, type: 3}
  m_PrefabInstance: {fileID: 5591390807583758056}
  m_PrefabAsset: {fileID: 0}
--- !u!1 &7652700436976634052 stripped
GameObject:
  m_CorrespondingSourceObject: {fileID: 2858456251020484140, guid: 5431cc73d5cf7914da07c370afa55b78, type: 3}
  m_PrefabInstance: {fileID: 5591390807583758056}
  m_PrefabAsset: {fileID: 0}
--- !u!114 &8729136048137345136
MonoBehaviour:
  m_ObjectHideFlags: 0
  m_CorrespondingSourceObject: {fileID: 0}
  m_PrefabInstance: {fileID: 0}
  m_PrefabAsset: {fileID: 0}
  m_GameObject: {fileID: 7652700436976634052}
  m_Enabled: 1
  m_EditorHideFlags: 0
  m_Script: {fileID: 11500000, guid: 4e29b1a8efbd4b44bb3f3716e73f07ff, type: 3}
  m_Name: 
  m_EditorClassIdentifier: 
  m_Navigation:
    m_Mode: 3
    m_WrapAround: 0
    m_SelectOnUp: {fileID: 0}
    m_SelectOnDown: {fileID: 0}
    m_SelectOnLeft: {fileID: 0}
    m_SelectOnRight: {fileID: 0}
  m_Transition: 0
  m_Colors:
    m_NormalColor: {r: 1, g: 1, b: 1, a: 1}
    m_HighlightedColor: {r: 0.9607843, g: 0.9607843, b: 0.9607843, a: 1}
    m_PressedColor: {r: 0.78431374, g: 0.78431374, b: 0.78431374, a: 1}
    m_SelectedColor: {r: 0.9607843, g: 0.9607843, b: 0.9607843, a: 1}
    m_DisabledColor: {r: 0.78431374, g: 0.78431374, b: 0.78431374, a: 0.5019608}
    m_ColorMultiplier: 1
    m_FadeDuration: 0.1
  m_SpriteState:
    m_HighlightedSprite: {fileID: 0}
    m_PressedSprite: {fileID: 0}
    m_SelectedSprite: {fileID: 0}
    m_DisabledSprite: {fileID: 0}
  m_AnimationTriggers:
    m_NormalTrigger: Normal
    m_HighlightedTrigger: Highlighted
    m_PressedTrigger: Pressed
    m_SelectedTrigger: Selected
    m_DisabledTrigger: Disabled
  m_Interactable: 1
  m_TargetGraphic: {fileID: 0}
  m_OnClick:
    m_PersistentCalls:
      m_Calls:
      - m_Target: {fileID: 827714359475669445}
        m_TargetAssemblyTypeName: PopupActivity, Assembly-CSharp
        m_MethodName: Back
        m_Mode: 1
        m_Arguments:
          m_ObjectArgument: {fileID: 0}
          m_ObjectArgumentAssemblyTypeName: UnityEngine.Object, UnityEngine
          m_IntArgument: 0
          m_FloatArgument: 0
          m_StringArgument: 
          m_BoolArgument: 0
        m_CallState: 2
